@ARTICLE{dobre2015,
  author={Dobre, Octavia A.},
  journal={IEEE Instrumentation \& Measurement Magazine}, 
  title={Signal identification for emerging intelligent radios: classical problems and new challenges}, 
  year={2015},
  volume={18},
  number={2},
  pages={11-18},
  keywords={OFDM;Delays;Modulation;Radio communication;Cognitive radio;Maximum likelihood estimation;Signal detection;Intelligent systems},
  doi={10.1109/MIM.2015.7066677}
  }

@article{Liu2022Wireless,title={Wireless Signal Representation Techniques for Automatic Modulation Classification},author={Xueyuan Liu and Carol Jingyi Li and C. Jin and Philip H. W. Leong},journal={IEEE Access},year={2022},volume={10},pages={84166-84187},doi={10.1109/access.2022.3197224}}

@article{Ramkumar2009Automatic,title={Automatic modulation classification for cognitive radios using cyclic feature detection},author={Barathram Ramkumar},journal={IEEE Circuits and Systems Magazine},year={2009},volume={9},doi={10.1109/MCAS.2008.931739}}

@article{Huynh-The2021Automatic,title={Automatic Modulation Classification: A Deep Architecture Survey},author={Thien Huynh-The and Viet Quoc Pham and Toan-Van Nguyen and Thanh Thi Nguyen and Rukhsana Ruby and M. Zeng and Dong-Seong Kim},journal={IEEE Access},year={2021},volume={9},pages={142950-142971},doi={10.1109/ACCESS.2021.3120419}}


@article{Meng2018Automatic,title={Automatic Modulation Classification: A Deep Learning Enabled Approach},author={F. Meng and Peng Chen and Lenan Wu and Xianbin Wang},journal={IEEE Transactions on Vehicular Technology},year={2018},volume={67},pages={10760-10772},doi={10.1109/TVT.2018.2868698}}

@article{Qi2021Automatic,title={Automatic Modulation Classification Based on Deep Residual Networks With Multimodal Information},author={Peihan Qi and Xiaoyu Zhou and Shilian Zheng and Zan Li},journal={IEEE Transactions on Cognitive Communications and Networking},year={2021},volume={7},pages={21-33},doi={10.1109/TCCN.2020.3023145}}


@article{Triaridis2024MM-Net:,title={MM-Net: A Multi-Modal Approach Toward Automatic Modulation Classification},author={Konstantinos Triaridis and Constantine Doumanidis and Nestor D. Chatzidiamantis and G. Karagiannidis},journal={IEEE Communications Letters},year={2024},volume={28},pages={328-331},doi={10.1109/LCOMM.2023.3342604}}


@article{Deng2023Cross-Domain,title={Cross-Domain Automatic Modulation Classification Using Multimodal Information and Transfer Learning},author={Wen Deng and Q. Xu and Si Li and Xiang Wang and Zhitao Huang},journal={Remote. Sens.},year={2023},volume={15},pages={3886},doi={10.3390/rs15153886}}

@article{Tu2020Complex-Valued,title={Complex-Valued Networks for Automatic Modulation Classification},author={Ya Tu and Yun Lin and Changbo Hou and S. Mao},journal={IEEE Transactions on Vehicular Technology},year={2020},volume={69},pages={10085-10089},doi={10.1109/TVT.2020.3005707}}

@article{Zhang2021A,title={A Novel Automatic Modulation Classification Scheme Based on Multi-Scale Networks},author={Hao Zhang and Fuhui Zhou and Qi-hui Wu and Wei Wu and R. Hu},journal={IEEE Transactions on Cognitive Communications and Networking},year={2021},volume={8},pages={97-110},doi={10.1109/tccn.2021.3091730}}


@article{An2023Robust,title={Robust Automatic Modulation Classification in Low Signal to Noise Ratio},author={Toha An and B. Lee},journal={IEEE Access},year={2023},volume={11},pages={7860-7872},doi={10.1109/ACCESS.2023.3238995}}

@article{Bai2024Achieving,title={Achieving Efficient Feature Representation for Modulation Signal: A Cooperative Contrast Learning Approach},author={Jing Bai and Xu Wang and Zhu Xiao and Huaji Zhou and T. Ali and You Li and Licheng Jiao},journal={IEEE Internet of Things Journal},year={2024},volume={11},pages={16196-16211},doi={10.1109/JIOT.2024.3350927}}

